<?xml version="1.0" encoding="UTF-8"?><collection xmlns="http://www.loc.gov/MARC21/slim"><record><leader>00751nam--2200181-i-4500</leader><controlfield tag="001">000038005</controlfield><controlfield tag="002">20161230</controlfield><controlfield tag="005">20161230201041</controlfield><controlfield tag="008">060222s1000------------r-----000-0-fre-d</controlfield><datafield ind1=" " ind2=" " tag="040"><subfield code="a">IFIN-HH</subfield></datafield><datafield ind1=" " ind2=" " tag="041"><subfield code="a">rus</subfield></datafield><datafield ind1=" " ind2=" " tag="080"><subfield code="a">537.534.75(043):539.173.16(043)</subfield></datafield><datafield ind1="1" ind2=" " tag="100"><subfield code="a">Ralarosy,Jarno</subfield></datafield><datafield ind1="1" ind2="0" tag="245"><subfield code="a">Relations entre le parcours et l`energie d`un ion lourd de faible vitesse dans un detecteur visuel plastique-contribution a l`etude de la fission de l`uranium du thorium, du bismuth, du plomb et de l`or, ibnduite par les particules alpha d'energie comprisE ENTRE 58 ET 100 MEV</subfield><subfield code="b">These</subfield><subfield code="c">Jarno ralarosy</subfield></datafield><datafield ind1=" " ind2=" " tag="260"><subfield code="a">Strasbourg</subfield><subfield code="b">Universite Louis Pasteur De Strasbourg</subfield><subfield code="c">1973</subfield></datafield><datafield ind1=" " ind2=" " tag="300"><subfield code="a">179 P</subfield></datafield><datafield ind1=" " ind2=" " tag="852"><subfield code="a">40303</subfield><subfield code="c">539.17</subfield></datafield><datafield ind1=" " ind2=" " tag="CAT"><subfield code="a">Sys</subfield><subfield code="c">20120611</subfield><subfield code="h">123732</subfield></datafield></record></collection>